<record><leader>00000cas a2200000 a 4500</leader><controlfield tag="001">40250603</controlfield><controlfield tag="008">981106c19989999okudn n       0   a0eng c</controlfield><controlfield tag="009">1691</controlfield><datafield ind1=" " ind2=" " tag="010"><subfield code="a">sn 98002692 </subfield></datafield><datafield ind1=" " ind2=" " tag="040"><subfield code="a">OKX</subfield><subfield code="b">eng</subfield><subfield code="c">OKX</subfield><subfield code="d">NSD</subfield><subfield code="d">OCLCQ</subfield><subfield code="d">OCLCF</subfield><subfield code="d">OCLCO</subfield></datafield><datafield ind1=" " ind2=" " tag="012"><subfield code="m">y</subfield></datafield><datafield ind1="1" ind2=" " tag="022"><subfield code="a">1522-5828</subfield><subfield code="l">1522-5828</subfield><subfield code="y">1073-9440</subfield><subfield code="2">1</subfield></datafield><datafield ind1="1" ind2=" " tag="029"><subfield code="a">AU@</subfield><subfield code="b">000024788129</subfield></datafield><datafield ind1=" " ind2=" " tag="032"><subfield code="a">168240</subfield><subfield code="b">USPS</subfield></datafield><datafield ind1=" " ind2=" " tag="042"><subfield code="a">nsdp</subfield><subfield code="a">pcc</subfield></datafield><datafield ind1=" " ind2=" " tag="043"><subfield code="a">n-us-ok</subfield></datafield><datafield ind1="0" ind2=" " tag="130"><subfield code="a">Edmond sun (1998)</subfield></datafield><datafield ind1=" " ind2="4" tag="222"><subfield code="a">The Edmond sun</subfield><subfield code="b">(1998)</subfield></datafield><datafield ind1="0" ind2="4" tag="245"><subfield code="a">The Edmond sun.</subfield></datafield><datafield ind1=" " ind2=" " tag="260"><subfield code="a">Edmond, OK :</subfield><subfield code="b">Ed Livermore Jr.,</subfield><subfield code="c">1998-</subfield></datafield><datafield ind1=" " ind2=" " tag="300"><subfield code="a">v. ;</subfield><subfield code="c">58 cm.</subfield></datafield><datafield ind1=" " ind2=" " tag="310"><subfield code="a">Daily (except Mon. and Sat.)</subfield></datafield><datafield ind1="0" ind2=" " tag="362"><subfield code="a">Vol. 109, no. 219 (Nov. 4, 1998)-</subfield></datafield><datafield ind1=" " ind2="0" tag="651"><subfield code="a">Edmond (Okla.)</subfield><subfield code="v">Newspapers.</subfield></datafield><datafield ind1=" " ind2="0" tag="651"><subfield code="a">Oklahoma County (Okla.)</subfield><subfield code="v">Newspapers.</subfield></datafield><datafield ind1=" " ind2="7" tag="655"><subfield code="a">Newspapers.</subfield><subfield code="2">fast</subfield><subfield code="0">(OCoLC)fst01423814</subfield></datafield><datafield ind1=" " ind2="7" tag="651"><subfield code="a">Oklahoma</subfield><subfield code="z">Edmond.</subfield><subfield code="2">fast</subfield><subfield code="0">(OCoLC)fst01213717</subfield></datafield><datafield ind1=" " ind2="7" tag="651"><subfield code="a">Oklahoma</subfield><subfield code="z">Oklahoma County.</subfield><subfield code="2">fast</subfield><subfield code="0">(OCoLC)fst01210430</subfield></datafield><datafield ind1="0" ind2="0" tag="780"><subfield code="t">Edmond evening sun</subfield><subfield code="x">1073-9440</subfield><subfield code="w">(DLC)sn 93065933</subfield><subfield code="w">(OCoLC)27970269</subfield></datafield><datafield ind1=" " ind2=" " tag="752"><subfield code="a">United States</subfield><subfield code="b">Oklahoma</subfield><subfield code="c">Oklahoma</subfield><subfield code="d">Edmond.</subfield></datafield></record>